@book{Thesis,
    title = {Quantum Thermodynamics and Optomechanics},
    author = {Monsel, Juliette},
    year = {2020},
    publisher = {{Springer International Publishing}},
    series = {Springer {{Theses}}, Recognizing Outstanding Ph.D. Research},
    doi = {10.1007/978-3-030-54971-8},
    phd = {https://tel.archives-ouvertes.fr/tel-02517050},
}
