@conference{CBA2022,
    keywords     = {poster},
    title        = {Geometric energy transport and refrigeration with driven quantum dots},
    year         = {2022},
    month        = {sep},
    dates        = {Aug. 22 -- 24},
    booktitle    = {Excellence Initiative Nano Community Building},
    location     = {Varberg, Sweden},
    url          = {https://www.chalmers.se/en/research/strong/nano/events/cb22/Pages/default.aspx},
}

@conference{InitiativeSeminar,
    keywords     = {poster},
    title        = {Geometric energy transport and refrigeration with driven quantum dots},
    year         = {2022},
    month        = {nov},
    dates        = {Nov. 28 -- 29},
    booktitle    = {A nano focus on quantum materials},
    location     = {Chalmers University of Technology, Gothenburg, Sweden},
    url          = {https://www.chalmers.se/en/conference/nano_focus/Pages/default.aspx},
}

@conference{Seville,
    keywords     = {invited},
    title        = {Geometric energy transport and refrigeration with driven quantum dots},
    year         = {2022},
    month        = {nov},
    dates        = {Nov. 24 -- 25},
    note         = {invited by Diego Frustaglia},
    booktitle    = {Workshop on Geometric Resources for Quantum Engineering II},
    location     = {University of Seville, Spain},
    url          = {https://personal.us.es/frustaglia/workshop2022.html},
}

@conference{Alexia,
    keywords     = {invited},
    title        = {Stochastic entropy production in electron transport through quantum dots},
    year         = {2022},
    month        = {jun},
    dates        = {Jun. 7},
    note         = {invited by Alexia Auffèves},
    booktitle    = {Quantum Energetics Workshop},
    location     = {Institut Néel, Grenoble, France},
}

@conference{Natalia2,
    keywords     = {seminar},
    title        = {Geometric energy transport and refrigeration with driven quantum dots},
    year         = {2022},
    month        = {apr},
    dates        = {Apr. 8},
    booktitle    = {Seminar, invited by Natalia Ares},
    location     = {Department of Engineering, University of Oxford, UK},
}


@conference{FQMT22,
    keywords     = {poster},
    title        = {Geometric energy transport and refrigeration with driven quantum dots},
    year         = {2022},
    month        = {aug},
    dates        = {Aug. 1 -- 6},
    booktitle    = {Frontier of Quantum and Mesoscopic Thermodynamics},
    location     = {Prague, Czech Republic},
    url          = {https://fqmt.fzu.cz/22},
}

@conference{QTD2022,
    keywords     = {poster},
    title        = {Geometric energy transport and refrigeration with driven quantum dots},
    year         = {2022},
    month        = {jun},
    dates        = {Jun. 27 -- Jul. 1},
    booktitle    = {Annual Quantum Thermodynamics Conference},
    location     = {Online (Belfast, UK)},
    url          = {https://blogs.qub.ac.uk/qtd2022/posters/},
}

@conference{QuESTech,
    keywords     = {poster},
    title        = {Geometric energy transport in time-dependently driven quantum dots},
    year         = {2021},
    month        = {nov},
    dates        = {Nov. 9 -- 10},
    booktitle    = {QuESTech Final Conference},
    location     = {Marstrand, Sweden},
}

@conference{EINano,
    keywords     = {poster},
    title        = {Geometric energy transport in time-dependently driven quantum dots},
    year         = {2021},
    month        = {oct},
    dates        = {Oct. 26},
    booktitle    = {Excellence Initiative Nano Poster Day},
    location     = {Chalmers University of Technology, Gothenburg, Sweden},
}


@conference{smallTalk,
    keywords     = {seminar},
    title        = {Quantum thermodynamics},
    year         = {2021},
    month        = {dec},
    dates        = {Dec. 6},
    booktitle    = {SmallTalks [about Nanoscience]},
    location     = {Chalmers University of Technology, Gothenburg, Sweden},
    url          = {https://www.chalmers.se/en/research/strong/nano/calendar/Pages/ei_nano_seminar_6_dec.aspx},
}

@conference{uniKORN,
    keywords     = {seminar},
    title        = {Optomechanical cooling with coherent and squeezed light},
    year         = {2021},
    month        = {nov},
    dates        = {Nov. 3},
    booktitle    = {UniKORN Seminar Series},
    location     = {Online},
    url          = {https://www.optomechanics.net/?page_id=83},
}


@conference{QTD2021,
    keywords     = {contributed},
    title        = {{Optomechanical cooling with coherent and squeezed light: the thermodynamic cost of opening the heat valve}},
    year         = {2021},
    month        = {oct},
    dates        = {Oct. 4 -- 8},
    booktitle    = {Annual Quantum Thermodynamics Conference},
    location     = {Online (Genève, Switzerland)},
    url          = {https://qtd2021.ch},
}


@conference{TIQuR,
    keywords     = {contributed},
    title        = {{Optomechanical cooling with coherent and squeezed light: the thermodynamic cost of opening the heat valve}},
    year         = {2021},
    month        = {jul},
    dates        = {Jul. 7 -- 9},
    booktitle    = {Thermodynamics and Information in the Quantum Regime},
    location     = {Online},
    url          = {https://www.tiqur2021.com/},
    video        = {https://www.youtube.com/watch?v=5BT9kkFDPCQ},
}


@conference{JMC17,
    keywords     = {contributed},
    title        = {{Optomechanical cooling with coherent and squeezed light: the thermodynamic cost of opening the heat valve}},
    year         = {2021},
    month        = {aug},
    booktitle    = {Condensed matter days (JMC)},
    location     = {Online (Rennes, France)},
    dates        = {Aug. 24 -- 27},
    url          = {https://jmc17.sciencesconf.org},
}

@conference{QTech2020,
    keywords     = {poster},
    title        = {Optomechanical cooling efficiency: the cost of turning a valve},
    year         = {2020},
    month        = {nov},
    dates        = {Nov. 2 -- 4},
    booktitle    = {Quantum Technology International Conference},
    location     = {Online (Barcelona, Spain)},
    url          = {https://premc.org/conferences/qtech-quantum-technology/},
}

@conference{USCWorkshop,
    keywords     = {poster},
    title        = {The energetic cost of work extraction},
    year         = {2020},
    month        = {sep},
    dates        = {Sep. 13 -- 17},
    booktitle    = {Workshop on Prospects of Ultrastrong light-matter interactions},
    location     = {Gothenburg, Sweden},
}

@conference{Obergurgl,
    keywords     = {invited},
    title        = {An autonomous quantum machine to measure the thermodynamic arrow of time},
    year         = {2019},
    month        = {jan},
    note         = {invited by Andrew Briggs and Natalia Ares},
    booktitle    = {Workshop on Quantum Networks and Non-equilibrium Systems},
    location     = {Obergurgl, Austria},
    dates        = {Jan. 16 -- 19},
    url          = {http://www.ati.ac.at/~obergurgl2019},
}

@conference{JETC,
    keywords     = {contributed},
    title        = {Optomechanical cooling with coherent and squeezed light: the thermodynamic cost of opening the heat valve},
    year         = {2021},
    month        = {jun},
    dates        = {Jun. 14 -- 18},
    booktitle    = {Joint European Thermodynamics Conference},
    location     = {Online (Prague, Czech Republic)},
    url          = {https://www.jetc2021.eu},
}

@conference{Lund,
    keywords     = {seminar},
    title        = {Optomechanical cooling with coherent and squeezed light: the thermodynamic cost of opening the heat valve},
    year         = {2021},
    month        = {mar},
    dates        = {Mar. 19},
    booktitle    = {NanoThermodynamics seminar, invited by Peter Samuelsson},
    location     = {Online (Lund University)},
}

@conference{Chalmers,
    keywords     = {seminar},
    title        = {Thermodynamics of hybrid optomechanical systems},
    year         = {2019},
    month        = {sep},
    dates        = {Sep. 11},
    booktitle    = {Seminar, invited by Janine Splettstoesser},
    location     = {Department of Microtechnology and Nanoscience, Chalmers University of Technology, Gothenburg, Sweden},
}

@conference{Natalia,
    keywords     = {seminar},
    title        = {Fluctuation theorems in a hybrid optomechanical system},
    year         = {2018},
    month        = {mar},
    dates        = {Mar. 7},
    booktitle    = {Seminar, invited by Natalia Ares},
    location     = {Department of Materials, University of Oxford, UK},
}

@conference{JMC,
    keywords     = {contributed},
    title        = {Energy conversion in a hybrid optomechanical system: Laser-like behavior and cooling},
    year         = {2018},
    month        = {aug},
    booktitle    = {Condensed matter days (JMC)},
    location     = {Grenoble, France},
    dates        = {Aug. 27 -- 31},
    url          = {https://jmc2018.sciencesconf.org/},
}

@conference{SFP,
    keywords     = {contributed},
    title        = {Thermodynamics and hybrid optomechanical system},
    year         = {2017},
    month        = {jul},
    dates        = {Jul. 3 -- 7},
    booktitle    = {Congress of the French Physical Society (SFP)},
    location     = {Orsay, France},
    url          = {https://congressfp.sciencesconf.org}
}

@conference{QTD2020,
    keywords     = {contributed},
    title        = {The energetic cost of work extraction},
    year         = {2020},
    dates        = {Oct. 13 -- 17},
    month        = {oct},
    booktitle    = {Annual Quantum Thermodynamics Conference},
    location     = {Online (Barcelona, Spain)},
    video        = {http://qtd2020.icfo.eu/index.php/2020/10/08/juliette-monsel/},
    url          = {http://qtd2020.icfo.eu/},
}

@conference{QTD2019,
    keywords     = {contributed},
    title        = {An autonomous quantum machine to measure the thermodynamic arrow of time},
    year         = {2019},
    month        = {jun},
    booktitle    = {Annual Quantum Thermodynamics Conference},
    location     = {Espoo, Finland},
    dates        = {Jun. 23 -- 28},
    url          = {https://qtd2019.aalto.fi/},
}

@conference{MecaQ2019,
    keywords     = {contributed},
    title        = {An autonomous optomechanical energy converter},
    year         = {2019},
    month        = {oct},
    dates        = {Oct. 3 -- 4},
    booktitle    = {Annual Meeting of the GDR MecaQ (French research network on Quantum Optomechanics, Nanomechanics)},
    location     = {Palaiseau, France},
    url          = {https://mecaqcolloq2019.sciencesconf.org/},
}

@conference{Natal,
    keywords     = {contributed},
    title        = {Measuring the arrow of time in a hybrid optomechanical system},
    year         = {2019},
    month        = {mar},
    dates        = {Mar. 11 -- 22},
    url          = {https://www.iip.ufrn.br/eventsdetail.php?inf===QTUFFe},
    video        = {https://www.youtube.com/watch?v=jhzOAz8H2UU},
    booktitle    = {II Workshop on Quantum Information and Thermodynamics},
    location     = {Natal, Brazil},
}


@conference{QTD2017,
    keywords     = {poster},
    title        = {Measuring the arrow of time in a hybrid optomechanical system},
    year         = {2017},
    month        = {mar},
    dates        = {Mar. 13 -- 17},
    booktitle    = {Annual Quantum Thermodynamics Conference},
    location     = {Oxford, United Kingdom},
}

@conference{ParatySchool,
    keywords     = {poster},
    title        = {Measuring the arrow of time in a hybrid optomechanical system},
    year         = {2017},
    month        = {aug},
    dates        = {Aug. 14 -- 18},
    booktitle    = {VI Quantum Information School},
    location     = {Paraty, Brazil},
}

@conference{ParatyW,
    keywords     = {contributed},
    title        = {Measuring the arrow of time in a hybrid optomechanical system},
    year         = {2017},
    month        = {aug},
    dates        = {Aug. 21 -- 25},
    booktitle    = {VI Quantum Information Workshop},
    location     = {Paraty, Brazil},
    url          = {},
}

@conference{IQFA2017,
    keywords     = {contributed},
    title        = {Fluctuation theorems in a hybrid optomechanical system},
    year         = {2017},
    month        = {nov},
    dates        = {Nov. 29 -- Dec. 1},
    booktitle    = {Annual colloquium of the GDR IQFA (French research network on Quantum Engineering, from Fundamental Aspects to Applications)},
    location     = {Nice, France},
}
