@conference{QEIseminar,
    keywords     = {seminar},
    title        = {Energetic cost of work extraction and information erasure},
    year         = {2025},
    month        = {feb},
    dates        = {Feb. 17},
    booktitle    = {Quantum Energy Initiative Seminar},
    note         = {invited by Federico Centrone},
    location     = {Online},
    url = {https://quantum-energy-initiative.org/},
    video = {https://www.youtube.com/watch?v=cvLW36zNex4},
}


@conference{LightOnLife,
    keywords     = {poster},
    title        = {Dissipative and dispersive cavity optomechanics with a frequency-dependent mirror},
    year         = {2024},
    month        = {dec},
    dates        = {Dec. 2 -- 3},
    booktitle    = {Light on Life symposium},
    location     = {Chalmers University of Technology, Gothenburg, Sweden},
    url          = {https://www.chalmers.se/en/conference/light-on-life-2024/},
}


@conference{QEI2025,
    keywords     = {poster},
    title        = {Autonomous demon exploiting heat and information at the trajectory level},
    year         = {2025},
    month        = {jan},
    dates        = {Jan. 6 -- 10},
    booktitle    = {Quantum Energy Initiative Workshop (QEI)},
    location     = {Grenoble, France},
    url          = {https://qei2025.sciencesconf.org},
}


@conference{QTD2025,
    keywords     = {invited},
    title        = {{TBA}},
    year         = {2025},
    month        = {jul},
    dates        = {Jul. 7 -- 11},
    note         = {invited by Felix Binder},
    booktitle    = {Quantum Thermodynamics Conference (QTD2025)},
    location     = {Singapore},
    url          = {https://qtd2025.quantumlah.org/},
}

@conference{QSG,
    keywords     = {invited},
    title        = {Cavity optomechanics with a frequency-dependent mirror},
    year         = {2025},
    month        = {may},
    dates        = {May 5 -- 9},
    booktitle    = {Quantum Science Generation workshop (QSG)},
    note         = {invited by Stephanie Matern},
    location     = {Trento, Italy},
    url          = {https://indico.ectstar.eu/event/233/overview},
}


@conference{CMSeminar,
    keywords     = {seminar},
    title        = {Energy transport and refrigeration with driven quantum dots},
    year         = {2024},
    month        = {apr},
    dates        = {Apr. 30},
    booktitle    = {Condensed Matter Physics Seminar},
    note         = {invited by Matthias Geilhufe},
    location     = {Chalmers University of Technology, Gothenburg, Sweden},
    url = {https://www.chalmers.se/en/current/calendar/f-condensed-matter-physics-seminar-240430/},
}


@conference{Potsdam,
    keywords     = {seminar},
    title        = {Optomechanical cooling with coherent and squeezed light and frequency-dependent mirrors: The thermodynamic cost of opening the heat valve},
    year         = {2024},
    month        = {mar},
    dates        = {Mar. 26},
    booktitle    = {Seminar},
    note         = {invited by Janet Anders},
    location     = {University of Potsdam, Germany},
}


@conference{DPG2024,
    keywords     = {contributed},
    title        = {Role of nonequilibrium fluctuations and feedback in a quantum dot thermal machine},
    year         = {2024},
    month        = {mar},
    dates        = {Mar. 18 -- 22},
    booktitle    = {DPG Spring Meeting of the Condensed Matter Section (SKM)},
    location     = {Berlin, Germany},
    url          = {https://www.dpg-verhandlungen.de/year/2024/conference/berlin/part/qi/session/11/contribution/2?lang=en},
}

@conference{NAQM2024,
    keywords     = {contributed},
    title        = {Dissipative and dispersive cavity optomechanics with a suspended frequency-dependent mirror},
    year         = {2024},
    month        = {aug},
    dates        = {Aug. 29 -- 31},
    booktitle    = {New Avenues in Quantum Materials 2024},
    location     = {Chalmers University of Technology, Gothenburg, Sweden},
    url          = {https://www.chalmers.se/aktuellt/kalender/mc2-naqm2024/},
}

@conference{CMQM2024,
    keywords     = {invited},
    title        = {Energy transport and refrigeration with driven quantum dots},
    year         = {2024},
    month        = {jul},
    dates        = {Jul. 2 -- 5},
    booktitle    = {Condensed Matter and Quantum Materials (CMQM 2024)},
    note         = {invited by Jonathan Keeling},
    location     = {University of St. Andrews, Scotland, UK},
    url          = {https://iop.eventsair.com/cmqm2024/},
}

@conference{CMD31,
    keywords     = {invited},
    title        = {Energy transport and refrigeration with driven quantum dots},
    year         = {2024},
    month        = {sep},
    dates        = {Sep. 2 -- 6},
    booktitle    = {General Conference of the Condensed Matter Division (CMD31)},
    note         = {invited by Mykhailo Moskalets and Rosa LÃ³pez},
    location     = {Braga, Portugal},
    url          = {https://cmd31.sci-meet.net/},
}

@conference{Nottingham,
    keywords     = {invited},
    title        = {Role of nonequilibrium fluctuations and feedback in a quantum dot thermal machine},
    year         = {2023},
    month        = {nov},
    dates        = {Nov. 13 -- 15},
    booktitle    = {5th Nottingham Workshop on Quantum Non-Equilibrium Dynamics},
    note         = {invited by Kay Brandner},
    location     = {Nottingham, UK},
}

@conference{CBA2024,
    keywords     = {poster},
    title        = {Dissipative and dispersive cavity optomechanics with a frequency-dependent mirror},
    year         = {2024},
    month        = {aug},
    dates        = {Aug. 26 -- 28},
    booktitle    = {Yearly workshop of the Area of Advance Nano},
    location     = {Marstrand, Sweden},
}


@conference{CBA2023,
    keywords     = {poster},
    title        = {Role of nonequilibrium fluctuations and feedback in a quantum dot thermal machine},
    year         = {2023},
    month        = {aug},
    dates        = {Aug. 21 -- 23},
    booktitle    = {Yearly workshop of the Area of Advance Nano},
    location     = {Tanum Strand, Sweden},
}

@conference{QEI2023,
    keywords     = {contributed},
    title        = {Role of nonequilibrium fluctuations and feedback in a quantum dot thermal machine},
    year         = {2023},
    month        = {nov},
    dates        = {Nov. 20 -- 24},
    booktitle    = {Quantum Energy Initiative Workshop (QEI2023)},
    location     = {Singapore},
    url          = {https://qei2023.sciencesconf.org/},
    video        = {https://www.youtube.com/watch?v=Y7QskAPNSfQ},
}

@conference{QTD2023,
    keywords     = {poster},
    title        = {Role of nonequilibrium fluctuations and feedback in a quantum dot thermal machine},
    year         = {2023},
    month        = {jul},
    dates        = {Jul. 17 -- 21},
    booktitle    = {Quantum Thermodynamics Conference (QTD2023)},
    location     = {Vienna, Austria},
    url          = {https://qtd2023.conf.tuwien.ac.at/},
}

@conference{Univie,
    keywords     = {seminar},
    title        = {Optomechanical cooling with coherent and squeezed light and frequency-dependent mirrors: The thermodynamic cost of opening the heat valve},
    year         = {2023},
    month        = {jul},
    dates        = {Jul. 13},
    booktitle    = {Seminar}, 
    note         = {invited by Mario Ciampini and Nikolai Kiesel},
    location     = {University of Vienna, Austria},
}


@conference{IPCMS,
    keywords     = {seminar},
    title        = {Optomechanical cooling with coherent and squeezed light and frequency-dependent mirrors: The thermodynamic cost of opening the heat valve},
    year         = {2023},
    month        = {apr},
    dates        = {Apr. 12},
    booktitle    = {Seminar}, 
    note         = {invited by Martin Bowen},
    location     = {Institute of Physics and Chemistry of Materials of Strasbourg, CNRS -- Unistra, France},
    url          = {https://www.ipcms.fr/en/evenement/seminar-presented-by-juliette-monsel/},
}

@conference{Lund2,
    keywords     = {seminar},
    title        = {Energy transport and refrigeration with driven quantum dots},
    year         = {2023},
    month        = {mar},
    dates        = {Mar. 31},
    booktitle    = {Seminar}, 
    note         = {invited by Ville Maisi},
    location     = {Center for Nanoscience, Lund University, Sweden},
}


@conference{Romain,
    keywords     = {seminar},
    title        = {Optomechanical cooling with coherent and squeezed light},
    year         = {2023},
    month        = {feb},
    dates        = {Feb. 8},
    booktitle    = {Seminar}, 
    note         = {invited by Romain Albert, in Gerhard Kirchmair's group},
    location     = {Institute for Quantum Optics and Quantum Information, Innsbruck, Austria},
}


@conference{Obergurgl23,
    keywords     = {contributed},
    title        = {Ultrastrong coupling between electron tunneling and mechanical motion},
    year         = {2023},
    month        = {feb},
    note         = {},
    booktitle    = {Information as Fuel FQxI workshop},
    location     = {Obergurgl, Austria},
    dates        = {Feb. 3 -- 8},
    url          = {https://fqxi.org/},
}


@conference{DPG2023,
    keywords     = {contributed},
    title        = {Dissipative cavity optomechanics with a suspended frequency-dependent mirror},
    year         = {2023},
    month        = {mar},
    dates        = {Mar. 5 -- 10},
    booktitle    = {DPG Spring Meeting of the Atomic, Molecular, Quantum Optics and Photonics Section (SAMOP)},
    location     = {Hannover, Germany},
    url          = {https://www.dpg-verhandlungen.de/year/2023/conference/samop/part/q/session/48/contribution/7},
}

@conference{CBA2022,
    keywords     = {poster},
    title        = {Geometric energy transport and refrigeration with driven quantum dots},
    year         = {2022},
    month        = {sep},
    dates        = {Aug. 22 -- 24},
    booktitle    = {Yearly workshop of the Area of Advance Nano},
    location     = {Varberg, Sweden},
}


@conference{InitiativeSeminar,
    keywords     = {poster},
    title        = {Geometric energy transport and refrigeration with driven quantum dots},
    year         = {2022},
    month        = {nov},
    dates        = {Nov. 28 -- 29},
    booktitle    = {A nano focus on quantum materials},
    location     = {Chalmers University of Technology, Gothenburg, Sweden},
}

@conference{Seville,
    keywords     = {invited},
    title        = {Geometric energy transport and refrigeration with driven quantum dots},
    year         = {2022},
    month        = {nov},
    dates        = {Nov. 24 -- 25},
    note         = {invited by Diego Frustaglia},
    booktitle    = {Workshop on Geometric Resources for Quantum Engineering II},
    location     = {University of Seville, Spain},
    url          = {https://personal.us.es/frustaglia/workshop2022.html},
}

@conference{Alexia,
    keywords     = {invited},
    title        = {Stochastic entropy production in electron transport through quantum dots},
    year         = {2022},
    month        = {jun},
    dates        = {Jun. 7},
    note         = {invited by Alexia AuffÃ¨ves},
    booktitle    = {Quantum Energetics Workshop},
    location     = {Institut NÃ©el, Grenoble, France},
}

@conference{Natalia2,
    keywords     = {seminar},
    title        = {Geometric energy transport and refrigeration with driven quantum dots},
    year         = {2022},
    month        = {apr},
    dates        = {Apr. 8},
    booktitle    = {Seminar}, 
    note         = {invited by Natalia Ares},
    location     = {Department of Engineering, University of Oxford, UK},
}


@conference{FQMT22,
    keywords     = {poster},
    title        = {Geometric energy transport and refrigeration with driven quantum dots},
    year         = {2022},
    month        = {aug},
    dates        = {Aug. 1 -- 6},
    booktitle    = {Frontier of Quantum and Mesoscopic Thermodynamics},
    location     = {Prague, Czech Republic},
    url          = {https://fqmt.fzu.cz/22},
}

@conference{QTD2022,
    keywords     = {poster},
    title        = {Geometric energy transport and refrigeration with driven quantum dots},
    year         = {2022},
    month        = {jun},
    dates        = {Jun. 27 -- Jul. 1},
    booktitle    = {Quantum Thermodynamics Conference (QTD2022)},
    location     = {Online (Belfast, UK)},
    url          = {https://blogs.qub.ac.uk/qtd2022/posters/},
}

@conference{QuESTech,
    keywords     = {poster},
    title        = {Geometric energy transport in time-dependently driven quantum dots},
    year         = {2021},
    month        = {nov},
    dates        = {Nov. 9 -- 10},
    booktitle    = {QuESTech Final Conference},
    location     = {Marstrand, Sweden},
}

@conference{EINano,
    keywords     = {poster},
    title        = {Geometric energy transport in time-dependently driven quantum dots},
    year         = {2021},
    month        = {oct},
    dates        = {Oct. 26},
    booktitle    = {Excellence Initiative Nano Poster Day},
    location     = {Chalmers University of Technology, Gothenburg, Sweden},
}


@conference{smallTalk,
    keywords     = {seminar},
    title        = {Quantum thermodynamics},
    year         = {2021},
    month        = {dec},
    dates        = {Dec. 6},
    booktitle    = {SmallTalks [about Nanoscience]},
    location     = {Chalmers University of Technology, Gothenburg, Sweden},
}

@conference{uniKORN,
    keywords     = {seminar},
    title        = {Optomechanical cooling with coherent and squeezed light},
    year         = {2021},
    month        = {nov},
    dates        = {Nov. 3},
    booktitle    = {United Kingdom Optomechanics Research Network (UniKORN) Seminar Series},
    location     = {Online},
    video        = {https://www.youtube.com/watch?v=_Pb9nqBRUG8},
}


@conference{QTD2021,
    keywords     = {contributed},
    title        = {{Optomechanical cooling with coherent and squeezed light: the thermodynamic cost of opening the heat valve}},
    year         = {2021},
    month        = {oct},
    dates        = {Oct. 4 -- 8},
    booktitle    = {Quantum Thermodynamics Conference (QTD2021)},
    location     = {Online (GenÃ¨ve, Switzerland)},
}


@conference{TIQuR,
    keywords     = {contributed},
    title        = {{Optomechanical cooling with coherent and squeezed light: the thermodynamic cost of opening the heat valve}},
    year         = {2021},
    month        = {jul},
    dates        = {Jul. 7 -- 9},
    booktitle    = {Thermodynamics and Information in the Quantum Regime},
    location     = {Online},
    url          = {https://www.tiqur2021.com/},
    video        = {https://www.youtube.com/watch?v=5BT9kkFDPCQ},
}


@conference{JMC17,
    keywords     = {contributed},
    title        = {{Optomechanical cooling with coherent and squeezed light: the thermodynamic cost of opening the heat valve}},
    year         = {2021},
    month        = {aug},
    booktitle    = {Condensed matter days (JMC)},
    location     = {Online (Rennes, France)},
    dates        = {Aug. 24 -- 27},
    url          = {https://jmc17.sciencesconf.org},
}

@conference{QTech2020,
    keywords     = {poster},
    title        = {Optomechanical cooling efficiency: the cost of turning a valve},
    year         = {2020},
    month        = {nov},
    dates        = {Nov. 2 -- 4},
    booktitle    = {Quantum Technology International Conference},
    location     = {Online (Barcelona, Spain)},
    url          = {https://premc.org/conferences/qtech-quantum-technology/},
}

@conference{USCWorkshop,
    keywords     = {poster},
    title        = {The energetic cost of work extraction},
    year         = {2020},
    month        = {sep},
    dates        = {Sep. 13 -- 17},
    booktitle    = {Workshop on Prospects of Ultrastrong light-matter interactions},
    location     = {Gothenburg, Sweden},
}

@conference{Obergurgl,
    keywords     = {invited},
    title        = {An autonomous quantum machine to measure the thermodynamic arrow of time},
    year         = {2019},
    month        = {jan},
    note         = {invited by Andrew Briggs and Natalia Ares},
    booktitle    = {Workshop on Quantum Networks and Non-equilibrium Systems},
    location     = {Obergurgl, Austria},
    dates        = {Jan. 16 -- 19},
    url          = {http://www.ati.ac.at/~obergurgl2019},
}

@conference{JETC,
    keywords     = {contributed},
    title        = {Optomechanical cooling with coherent and squeezed light: the thermodynamic cost of opening the heat valve},
    year         = {2021},
    month        = {jun},
    dates        = {Jun. 14 -- 18},
    booktitle    = {Joint European Thermodynamics Conference},
    location     = {Online (Prague, Czech Republic)},
    url          = {https://www.jetc2021.eu},
}

@conference{Lund,
    keywords     = {seminar},
    title        = {Optomechanical cooling with coherent and squeezed light: the thermodynamic cost of opening the heat valve},
    year         = {2021},
    month        = {mar},
    dates        = {Mar. 19},
    booktitle    = {NanoThermodynamics seminar}, 
    note         = {invited by Peter Samuelsson},
    location     = {Online (Lund University)},
}

@conference{Chalmers,
    keywords     = {seminar},
    title        = {Thermodynamics of hybrid optomechanical systems},
    year         = {2019},
    month        = {sep},
    dates        = {Sep. 11},
    booktitle    = {Seminar}, 
    note         = {invited by Janine Splettstoesser},
    location     = {Department of Microtechnology and Nanoscience, Chalmers University of Technology, Gothenburg, Sweden},
}

@conference{Natalia,
    keywords     = {seminar},
    title        = {Fluctuation theorems in a hybrid optomechanical system},
    year         = {2018},
    month        = {mar},
    dates        = {Mar. 7},
    booktitle    = {Seminar}, 
    note         = {invited by Natalia Ares},
    location     = {Department of Materials, University of Oxford, UK},
}

@conference{JMC,
    keywords     = {contributed},
    title        = {Energy conversion in a hybrid optomechanical system: Laser-like behavior and cooling},
    year         = {2018},
    month        = {aug},
    booktitle    = {Condensed matter days (JMC)},
    location     = {Grenoble, France},
    dates        = {Aug. 27 -- 31},
    url          = {https://jmc2018.sciencesconf.org/},
}

@conference{SFP,
    keywords     = {contributed},
    title        = {Thermodynamics and hybrid optomechanical system},
    year         = {2017},
    month        = {jul},
    dates        = {Jul. 3 -- 7},
    booktitle    = {Congress of the French Physical Society (SFP)},
    location     = {Orsay, France},
    url          = {https://congressfp.sciencesconf.org}
}

@conference{QTD2020,
    keywords     = {contributed},
    title        = {The energetic cost of work extraction},
    year         = {2020},
    dates        = {Oct. 13 -- 17},
    month        = {oct},
    booktitle    = {Quantum Thermodynamics Conference (QTD2020)},
    location     = {Online (Barcelona, Spain)},
    video        = {http://qtd2020.icfo.eu/index.php/2020/10/08/juliette-monsel/},
    url          = {http://qtd2020.icfo.eu/},
}

@conference{QTD2019,
    keywords     = {contributed},
    title        = {An autonomous quantum machine to measure the thermodynamic arrow of time},
    year         = {2019},
    month        = {jun},
    booktitle    = {Quantum Thermodynamics Conference (QTD2019)},
    location     = {Espoo, Finland},
    dates        = {Jun. 23 -- 28},
    url          = {https://qtd2019.aalto.fi/},
}

@conference{MecaQ2019,
    keywords     = {contributed},
    title        = {An autonomous optomechanical energy converter},
    year         = {2019},
    month        = {oct},
    dates        = {Oct. 3 -- 4},
    booktitle    = {Annual Meeting of the GDR MecaQ (French research network on Quantum Optomechanics, Nanomechanics)},
    location     = {Palaiseau, France},
}

@conference{Natal,
    keywords     = {contributed},
    title        = {Measuring the arrow of time in a hybrid optomechanical system},
    year         = {2019},
    month        = {mar},
    dates        = {Mar. 11 -- 22},
    url          = {https://www.iip.ufrn.br/eventsdetail.php?inf===QTUFFe},
    video        = {https://www.youtube.com/watch?v=jhzOAz8H2UU},
    booktitle    = {II Workshop on Quantum Information and Thermodynamics},
    location     = {Natal, Brazil},
}


@conference{QTD2017,
    keywords     = {poster},
    title        = {Measuring the arrow of time in a hybrid optomechanical system},
    year         = {2017},
    month        = {mar},
    dates        = {Mar. 13 -- 17},
    booktitle    = {Quantum Thermodynamics Conference (QTD2017)},
    location     = {Oxford, United Kingdom},
}

@conference{ParatySchool,
    keywords     = {poster},
    title        = {Measuring the arrow of time in a hybrid optomechanical system},
    year         = {2017},
    month        = {aug},
    dates        = {Aug. 14 -- 18},
    booktitle    = {VI Quantum Information School},
    location     = {Paraty, Brazil},
}

@conference{ParatyW,
    keywords     = {contributed},
    title        = {Measuring the arrow of time in a hybrid optomechanical system},
    year         = {2017},
    month        = {aug},
    dates        = {Aug. 21 -- 25},
    booktitle    = {VI Quantum Information Workshop},
    location     = {Paraty, Brazil},
    url          = {},
}

@conference{IQFA2017,
    keywords     = {contributed},
    title        = {Fluctuation theorems in a hybrid optomechanical system},
    year         = {2017},
    month        = {nov},
    dates        = {Nov. 29 -- Dec. 1},
    booktitle    = {Annual colloquium of the GDR IQFA (French research network on Quantum Engineering, from Fundamental Aspects to Applications)},
    location     = {Nice, France},
}
