@misc{Monsel2021Mar,
    author = {Monsel, Juliette and Dashti, Nastaran and Manjeshwar, Sushanth Kini and Eriksson, Jakob and Ernbrink, Henric and Olsson, Ebba and Torneus, Emelie and Wieczorek, Witlef and Splettstoesser, Janine},
    title = {{Optomechanical cooling with coherent and squeezed light: the thermodynamic cost of opening the heat valve}},
    eprint = {2103.03596},
    archivePrefix = {arXiv},
    eprinttype = {arxiv}
}
